%% This BibTeX bibliography file was created using BibDesk.
%% http://bibdesk.sourceforge.net/


%% Created for Michael Frank at 2019-12-13 12:27:00 -0800 


%% Saved with string encoding Unicode (UTF-8) 



@article{williams2009,
	Author = {Williams, Lela Rankin and Degnan, Kathryn A and Perez-Edgar, Koraly E and Henderson, Heather A and Rubin, Kenneth H and Pine, Daniel S and Steinberg, Laurence and Fox, Nathan A},
	Date-Added = {2019-12-13 12:25:57 -0800},
	Date-Modified = {2019-12-13 12:25:59 -0800},
	Journal = {Journal of abnormal child psychology},
	Number = {8},
	Pages = {1063--1075},
	Publisher = {Springer},
	Title = {Impact of behavioral inhibition and parenting style on internalizing and externalizing problems from early childhood through adolescence},
	Volume = {37},
	Year = {2009}}

@article{burkner2017,
	Author = {B{\"u}rkner, Paul-Christian and others},
	Date-Added = {2019-12-13 12:18:13 -0800},
	Date-Modified = {2019-12-13 12:18:15 -0800},
	Journal = {Journal of Statistical Software},
	Number = {1},
	Pages = {1--28},
	Publisher = {Foundation for Open Access Statistics},
	Title = {brms: An R package for Bayesian multilevel models using Stan},
	Volume = {80},
	Year = {2017}}

@article{miller1988,
	Author = {Miller, Scott A},
	Date-Added = {2019-12-13 11:42:27 -0800},
	Date-Modified = {2019-12-13 11:42:27 -0800},
	Journal = {Child development},
	Pages = {259--285},
	Publisher = {JSTOR},
	Title = {Parents' beliefs about children's cognitive development},
	Year = {1988}}

@article{gopnik2004,
	Author = {Gopnik, Alison and Glymour, Clark and Sobel, David M and Schulz, Laura E and Kushnir, Tamar and Danks, David},
	Date-Added = {2019-12-13 10:55:39 -0800},
	Date-Modified = {2019-12-13 10:55:41 -0800},
	Journal = {Psychological review},
	Number = {1},
	Pages = {3},
	Publisher = {American Psychological Association},
	Title = {A theory of causal learning in children: causal maps and Bayes nets.},
	Volume = {111},
	Year = {2004}}

@article{smith2013,
	Author = {Smith, Kevin A and Vul, Edward},
	Date-Added = {2019-12-13 10:55:20 -0800},
	Date-Modified = {2019-12-13 10:55:41 -0800},
	Journal = {Topics in cognitive science},
	Number = {1},
	Pages = {185--199},
	Publisher = {Wiley Online Library},
	Title = {Sources of uncertainty in intuitive physics},
	Volume = {5},
	Year = {2013}}

@article{baron-cohen2001,
	Author = {Baron-Cohen, Simon and Wheelwright, Sally and Spong, Amanda and Scahill, Victoria and Lawson, John and others},
	Date-Added = {2019-12-13 10:54:20 -0800},
	Date-Modified = {2019-12-13 10:55:41 -0800},
	Journal = {Journal of Developmental and Learning Disorders},
	Number = {1},
	Pages = {47--78},
	Title = {Are intuitive physics and intuitive psychology independent? A test with children with Asperger Syndrome},
	Volume = {5},
	Year = {2001}}

@article{hatano1994,
	Author = {Hatano, Giyoo and Inagaki, Kayoko},
	Date-Added = {2019-12-13 10:53:04 -0800},
	Date-Modified = {2019-12-13 10:55:41 -0800},
	Journal = {Cognition},
	Number = {1-3},
	Pages = {171--188},
	Publisher = {Elsevier},
	Title = {Young children's naive theory of biology},
	Volume = {50},
	Year = {1994}}

@incollection{gopnik1994,
	Address = {Cambridge, UK},
	Author = {Gopnik, Alison and Wellman, Henry M},
	Booktitle = {Mapping the mind: Domain specificity in cognition and culture  },
	Date-Added = {2019-12-13 10:45:59 -0800},
	Date-Modified = {2019-12-13 10:47:30 -0800},
	Editor = {Hirschfeld, L. A.  and Gelman, S. A.  },
	Journal = {Mapping the mind: Domain specificity in cognition and culture},
	Pages = {257--293},
	Publisher = {Cambridge University Press},
	Title = {The theory theory},
	Year = {1994}}

@article{ainsworth1979,
	Author = {Ainsworth, Mary S},
	Date-Added = {2019-12-13 10:41:51 -0800},
	Date-Modified = {2019-12-13 10:41:53 -0800},
	Journal = {American psychologist},
	Number = {10},
	Pages = {932},
	Publisher = {American Psychological Association},
	Title = {Infant--mother attachment.},
	Volume = {34},
	Year = {1979}}

@article{suskind2018,
	Author = {Suskind, Dana L and Leung, Christy YY and Webber, Robert J and Hundertmark, Alison C and Leffel, Kristin R and Suskind, Elizabeth and Hernandez, Marc W and Graf, Eileen},
	Date-Added = {2019-12-13 10:38:52 -0800},
	Date-Modified = {2019-12-13 10:38:53 -0800},
	Journal = {First Language},
	Number = {3},
	Pages = {312--331},
	Publisher = {SAGE Publications Sage UK: London, England},
	Title = {Development of the survey of parent/provider expectations and knowledge (SPEAK)},
	Volume = {38},
	Year = {2018}}

@article{taylor2019,
	Author = {Taylor, John M and Bergin, Christi A},
	Date-Added = {2019-12-13 10:37:37 -0800},
	Date-Modified = {2019-12-13 10:37:39 -0800},
	Journal = {Infant Behavior and Development},
	Pages = {66--79},
	Publisher = {Elsevier},
	Title = {The parent/caregiver involvement scale--Short form is a valid measure of parenting quality in high-risk families},
	Volume = {54},
	Year = {2019}}

@article{sperry2019,
	Author = {Sperry, Douglas E and Sperry, Linda L and Miller, Peggy J},
	Date-Added = {2019-12-13 10:25:55 -0800},
	Date-Modified = {2019-12-13 10:25:57 -0800},
	Journal = {Child development},
	Number = {4},
	Pages = {1303--1318},
	Publisher = {Wiley Online Library},
	Title = {Reexamining the verbal environments of children from different socioeconomic backgrounds},
	Volume = {90},
	Year = {2019}}

@article{sroufe2005,
	Author = {Sroufe, L Alan},
	Date-Added = {2019-12-13 09:38:28 -0800},
	Date-Modified = {2019-12-13 09:38:30 -0800},
	Journal = {Attachment \& human development},
	Number = {4},
	Pages = {349--367},
	Publisher = {Taylor \& Francis},
	Title = {Attachment and development: A prospective, longitudinal study from birth to adulthood},
	Volume = {7},
	Year = {2005}}

@article{rogoff1993,
	Author = {Rogoff, Barbara and Mistry, Jayanthi and G{\"o}nc{\"u}, Artin and Mosier, Christine and Chavajay, Pablo and Heath, Shirley Brice},
	Date-Added = {2019-12-12 14:52:03 -0800},
	Date-Modified = {2019-12-12 14:52:06 -0800},
	Journal = {Monographs of the Society for Research in Child development},
	Pages = {i--179},
	Publisher = {JSTOR},
	Title = {Guided participation in cultural activity by toddlers and caregivers},
	Year = {1993}}

@article{hirsh-pasek2015,
	Author = {Hirsh-Pasek, Kathy and Adamson, Lauren B and Bakeman, Roger and Owen, Margaret Tresch and Golinkoff, Roberta Michnick and Pace, Amy and Yust, Paula K S and Suma, Katharine},
	Date-Added = {2018-09-01 01:40:27 +0000},
	Date-Modified = {2018-09-01 01:40:27 +0000},
	Journal = {Psychological science},
	Month = jun,
	Number = {7},
	Pages = {1071--1083},
	Title = {{The Contribution of Early Communication Quality to Low-Income Children{\textquoteright}s Language Success}},
	Volume = {26},
	Year = {2015}}

@periodical{yong2016,
	Author = {Ed Yong},
	Date-Added = {2018-09-01 01:03:43 +0000},
	Date-Modified = {2018-09-01 01:04:46 +0000},
	Journal = {The Atlantic},
	Title = {Why Do These Plants Have Metallic Blue Leaves?},
	Year = {2016}}

@periodical{bucklin2016,
	Author = {Stephanie Bucklin},
	Date-Added = {2018-09-01 01:01:37 +0000},
	Date-Modified = {2018-09-01 01:02:52 +0000},
	Journal = {New York Magazine},
	Title = {Why Humans (and Other Large Animals) Shrink When They Live on Islands},
	Year = {2016}}

@periodical{handwerk2015,
	Author = {Brian Handwerk},
	Date-Added = {2018-09-01 00:58:13 +0000},
	Date-Modified = {2018-09-01 00:59:04 +0000},
	Journal = {Smithsonian.com},
	Title = {Like tiny scientists, babies learn best by focusing on surprising events},
	Year = {2015}}

@inbook{fisher2011,
	Address = {New York, NY, US},
	Author = {Fisher, Kelly, Hirsh-Pasek, Kathy, Golinkoff, Roberta M., Singer, Dorothy G., Berk, Laura},
	Chapter = {Playing around in school: Implications for learning and educational policy},
	Date-Added = {2018-09-01 00:47:37 +0000},
	Date-Modified = {2018-09-01 00:51:10 +0000},
	Editor = {A.D. Pellegrini},
	Pages = {341-360},
	Publisher = {Oxford University Press},
	Title = {The Oxford handbook of the development of play},
	Year = {2011}}

@article{wu2005,
	Author = {Wu, C., Chao, R.},
	Date-Added = {2018-09-01 00:42:39 +0000},
	Date-Modified = {2018-09-01 00:43:39 +0000},
	Journal = {International Journal of Behavioral Development},
	Pages = {516-523},
	Title = {Intergenerational cultural conflicts in norms of parental warmth among Chinese American immigrants},
	Volume = {29},
	Year = {2005}}

@article{chao2000,
	Author = {Chao, R.K.},
	Date-Added = {2018-09-01 00:40:25 +0000},
	Date-Modified = {2018-09-01 00:41:58 +0000},
	Journal = {Journal of Applied Developmental Psychology},
	Pages = {233-248},
	Title = {The parenting of immigrant Chinese and European American mothers: Relations between parenting styles, socialization goals, and parental practices},
	Volume = {21},
	Year = {2000}}

@article{pederson1990,
	Author = {Pederson, David R.  and Moran, Greg and Sitko, Carolyn and Campbell, Kathy and Ghesquire, Kristen and Acton, Heather},
	Date-Added = {2018-09-01 00:29:10 +0000},
	Date-Modified = {2019-12-13 12:20:07 -0800},
	Journal = {Child Development},
	Pages = {1974-1983},
	Title = {Maternal Sensitivity and the Security of Infant-Mother Attachment: A Q-Sort Study},
	Volume = {61},
	Year = {1990}}

@article{erdley1997,
	Author = {Erdley, Cynthia A. Loomis, Catherine C. Cain, Kathleen M. Dumas-Hines, Frances},
	Date-Added = {2018-08-27 23:55:19 +0000},
	Date-Modified = {2018-08-27 23:56:05 +0000},
	Journal = {Developmental Psychology},
	Pages = {263-272},
	Title = {Relations among children's social goals, implicit personality theories, and responses to social failure},
	Volume = {33},
	Year = {1997}}

@article{darling1993,
	Author = {Darling, N., Steinberg, L.},
	Date-Added = {2018-08-27 23:54:00 +0000},
	Date-Modified = {2018-09-01 01:32:19 +0000},
	Journal = {Psychological Bulletin},
	Pages = {487-496},
	Title = {Parenting style as context: An integrative model},
	Volume = {113},
	Year = {1993}}

@article{nyhan2014,
	Author = {Nyhan, B., Reifler, J., Richey, S., Freed, G.L.,},
	Date-Added = {2018-08-27 21:16:16 +0000},
	Date-Modified = {2018-08-27 21:19:14 +0000},
	Journal = {Pediatrics},
	Pages = {e835--e842},
	Title = {Effective messages in vaccine promotion: A randomized trail},
	Volume = {133},
	Year = {2014}}

@article{medin2014,
	Author = {Medin, D. and Bang, M.},
	Date-Added = {2018-08-27 20:01:22 +0000},
	Date-Modified = {2019-12-12 14:55:49 -0800},
	Journal = {Proceedings of the National Academy of Sciences},
	Pages = {13621-13626},
	Title = {The cultural side of science communication},
	Volume = {111},
	Year = {2014}}

@article{suskind2016,
	Author = {Dana L. Suskind, D.L., Kristin R. Leffel, Eileen Graf, Marc W. Hernandez, Elizabeth A. Gunderson, Shannon G. Sapolich, Elizabeth Suskind, Lindsey Leininger, Susan Goldin-meadow And Susan C. Levine},
	Date-Added = {2018-08-27 19:56:53 +0000},
	Date-Modified = {2018-09-01 00:20:03 +0000},
	Journal = {Journal of Child Language},
	Number = {366-406},
	Title = {A parent-directed language intervention for children of low socioeconomic status: a randomized controlled pilot study},
	Volume = {43},
	Year = {2016}}

@article{baumrind1970,
	Author = {Baumrind, Diana},
	Date-Added = {2018-08-27 19:47:38 +0000},
	Date-Modified = {2018-08-27 19:53:21 +0000},
	Journal = {Young Children},
	Pages = {104-119},
	Title = {Socialization and instrumental competence in young children.},
	Volume = {26},
	Year = {1970}}

@manual{macphee2002,
	Address = {Colorado},
	Author = {MacPhee, D},
	Date-Added = {2018-08-24 19:17:32 +0000},
	Date-Modified = {2018-08-24 19:20:23 +0000},
	Organization = {Colorado State University},
	Title = {Knowledge of Infant Development Inventory: Manual},
	Year = {2002}}

@article{kumar2015,
	Author = {Kumar, Vishwajeet and Kumar, Aarti and Ghosh, Amit Kumar and Samphel, Rigzin and Yadav, Ranjanaa and Yeung, Diana and Darmstadt, Gary L},
	Date-Added = {2016-02-02 05:44:40 +0000},
	Date-Modified = {2016-02-02 05:46:10 +0000},
	Journal = {Seminars in Perinatology},
	Pages = {393-415},
	Title = {{Enculturating science: Community-centric design of behavior change interactions for accelerating health impact}},
	Volume = {39},
	Year = {2015}}

@article{yong2015,
	Author = {Yong, Ed},
	Date-Added = {2016-02-01 19:21:27 +0000},
	Date-Modified = {2016-02-02 00:41:02 +0000},
	Journal = {The Atlantic},
	Title = {Why do most languages have so few words for smells?},
	Year = {2015}}

@article{huttenlocher2002,
	Author = {Huttenlocher, Janellen and Vasilyeva, Marina and Cymerman, Elina and Levine, Susan},
	Date-Added = {2016-02-01 06:53:42 +0000},
	Date-Modified = {2016-02-01 06:53:44 +0000},
	Journal = {Cognitive psychology},
	Number = {3},
	Pages = {337--374},
	Publisher = {Elsevier},
	Title = {Language input and child syntax},
	Volume = {45},
	Year = {2002}}

@article{bransford1972,
	Author = {Bransford, John D and Johnson, Marcia K},
	Date-Modified = {2016-02-01 05:52:29 +0000},
	Journal = {Journal of verbal learning and verbal behavior},
	Month = dec,
	Number = {6},
	Pages = {717--726},
	Title = {{Contextual prerequisites for understanding: Some investigations of comprehension and recall}},
	Volume = {11},
	Year = {1972}}

@article{schulz2007,
	Author = {Schulz, Laura E and Bonawitz, Elizabeth Baraff},
	Date-Modified = {2016-02-01 05:52:29 +0000},
	Journal = {Developmental Psychology},
	Number = {4},
	Pages = {1045--1050},
	Title = {{Serious fun: Preschoolers engage in more exploratory play when evidence is confounded.}},
	Volume = {43},
	Year = {2007}}

@article{bonawitz2011,
	Author = {Bonawitz, Elizabeth and Shafto, Patrick and Gweon, Hyowon and Goodman, Noah D and Spelke, Elizabeth and Schulz, Laura},
	Date-Modified = {2016-02-01 05:52:29 +0000},
	Journal = {Cognition},
	Month = sep,
	Number = {3},
	Pages = {322--330},
	Title = {{The double-edged sword of pedagogy: Instruction limits spontaneous exploration and discovery}},
	Volume = {120},
	Year = {2011}}

@article{horn1965,
	Author = {Horn, John L},
	Date-Modified = {2016-02-01 05:52:29 +0000},
	Journal = {Psychometrika},
	Number = {2},
	Pages = {179--185},
	Title = {{A rationale and test for the number of factors in factor analysis}},
	Volume = {30},
	Year = {1965}}

@article{dweck1995,
	Author = {Dweck, Carol S and Chiu, Chi-yue and Hong, Ying-yi},
	Date-Modified = {2016-02-01 05:52:29 +0000},
	Journal = {Psychological Inquiry},
	Month = jan,
	Number = {4},
	Pages = {322--333},
	Title = {{Implicit Theories: Elaboration and Extension of the Model}},
	Volume = {6},
	Year = {1995}}

@article{shafto2012,
	Author = {Shafto, P and Goodman, N D and Frank, M C},
	Date-Modified = {2016-02-01 05:52:29 +0000},
	Journal = {Perspectives on Psychological Science},
	Month = jun,
	Number = {4},
	Pages = {341--351},
	Title = {{Learning From Others: The Consequences of Psychological Reasoning for Human Learning}},
	Volume = {7},
	Year = {2012}}

@article{hoff2003,
	Author = {Hoff, Erika},
	Date-Modified = {2016-02-01 05:52:29 +0000},
	Journal = {Child Development},
	Month = oct,
	Number = {5},
	Pages = {1368--1378},
	Title = {{The Specificity of Environmental Influence: Socioeconomic Status Affects Early Vocabulary Development Via Maternal Speech}},
	Volume = {74},
	Year = {2003}}

@book{levine2004,
	Author = {LeVine, Robert A},
	Date-Modified = {2016-02-01 05:52:29 +0000},
	Publisher = {Praeger Publishers/Greenwood Publishing Group},
	Title = {{Challenging Expert Knowledge: Findings from an African Study of Infant Care and Development.}},
	Year = {2004}}

@article{clark1995,
	Author = {Clark, Lee Anna and Watson, David},
	Date-Modified = {2016-02-01 05:52:29 +0000},
	Journal = {Psychological Assessment},
	Month = sep,
	Number = {3},
	Pages = {309--319},
	Title = {{Constructing validity: Basic issues in objective scale development.}},
	Volume = {7},
	Year = {1995}}

@article{rowe2008,
	Author = {Rowe, Meredith L},
	Date-Modified = {2016-02-02 00:41:50 +0000},
	Journal = {Journal of Child Language},
	Month = feb,
	Number = {01},
	Pages = {185--205},
	Title = {{Child-directed speech: relation to socioeconomic status, knowledge of child development and child vocabulary skill}},
	Volume = {35},
	Year = {2008}}

@article{ong2015,
	Author = {Ong, Desmond C and Zaki, Jamil and Goodman, Noah D},
	Date-Modified = {2016-02-01 05:52:29 +0000},
	Journal = {Cognition},
	Month = oct,
	Pages = {141--162},
	Title = {{Affective cognition: Exploring lay theories of emotion}},
	Volume = {143},
	Year = {2015}}

@article{buchsbaum2011,
	Author = {Buchsbaum, Daphna and Gopnik, Alison and Griffiths, Thomas L and Shafto, Patrick},
	Date-Modified = {2016-02-01 05:52:29 +0000},
	Journal = {Cognition},
	Month = sep,
	Number = {3},
	Pages = {331--340},
	Title = {{Children{\textquoteright}s imitation of causal action sequences is influenced by statistical and pedagogical evidence}},
	Volume = {120},
	Year = {2011}}

@book{furr2011,
	Author = {Furr, Mike},
	Date-Modified = {2016-02-01 05:52:29 +0000},
	Month = feb,
	Publisher = {SAGE Publications Ltd},
	Title = {{Scale Construction and Psychometrics for Social and Personality Psychology}},
	Year = {2011}}

@article{jones2014,
	Author = {Jones, Jason D and Cassidy, Jude and Shaver, Phillip R},
	Date-Modified = {2016-02-01 05:52:29 +0000},
	Journal = {Personality and Social Psychology Review},
	Month = jul,
	Number = {1},
	Pages = {1088868314541858--76},
	Title = {{Parents{\textquoteright} Self-Reported Attachment Styles A Review of Links with Parenting Behaviors, Emotions, and Cognitions}},
	Volume = {19},
	Year = {2014}}

@article{richman1992,
	Author = {Richman, Amy L and Miller, Patrice M and LeVine, Robert A},
	Date-Modified = {2016-02-01 05:52:29 +0000},
	Journal = {Developmental Psychology},
	Month = jul,
	Number = {4},
	Pages = {614--621},
	Title = {{Cultural and educational variations in maternal responsiveness.}},
	Volume = {28},
	Year = {1992}}

@periodical{gopnik2011,
	Author = {Gopnik, A},
	Date-Modified = {2018-09-01 00:53:06 +0000},
	Journal = {Slate Magazine},
	Title = {{Why preschool shouldn't be like school}},
	Year = {2011}}

@article{simms2008,
	Author = {Simms, Leonard J},
	Date-Modified = {2016-02-01 05:52:29 +0000},
	Journal = {Social and Personality Psychology Compass},
	Month = jan,
	Number = {1},
	Pages = {414--433},
	Title = {{Classical and Modern Methods of Psychological Scale Construction}},
	Volume = {2},
	Year = {2008}}

@book{hart1995,
	Author = {Hart, Betty and Risley, Todd R},
	Date-Modified = {2016-02-01 05:52:29 +0000},
	Publisher = {Paul H Brookes Publishing Company},
	Title = {{Meaningful Differences in the Everyday Experience of Young American Children}},
	Year = {1995}}

@article{dweck1988,
	Author = {Dweck, Carol S and Leggett, Ellen L},
	Date-Modified = {2016-02-01 05:52:29 +0000},
	Journal = {Psychological Review},
	Month = apr,
	Number = {2},
	Pages = {256--273},
	Title = {{A social-cognitive approach to motivation and personality.}},
	Volume = {95},
	Year = {1988}}

@book{lareau2003,
	Author = {Lareau, Annette},
	Date-Modified = {2016-02-01 05:52:29 +0000},
	Month = sep,
	Publisher = {Univ of California Press},
	Series = {Class, Race, and Family Life},
	Title = {{Unequal Childhoods}},
	Year = {2003}}

@article{baumrind1971,
	Author = {Baumrind, Diana},
	Date-Modified = {2016-02-01 05:52:29 +0000},
	Journal = {Developmental Psychology},
	Month = jan,
	Number = {1p2},
	Pages = {1--103},
	Title = {{Current patterns of parental authority.}},
	Volume = {4},
	Year = {1971}}

@article{barker2014,
	Author = {Barker, Jane E and Semenov, Andrei D and Michaelson, Laura and Provan, Lindsay S and Snyder, Hannah R and Munakata, Yuko},
	Date-Modified = {2016-02-01 05:52:29 +0000},
	Journal = {Frontiers in Psychology},
	Pages = {323},
	Title = {{Less-structured time in children's daily lives predicts self-directed executive functioning}},
	Volume = {5},
	Year = {2014}}

@article{huttenlocher2010,
	Author = {Huttenlocher, Janellen and Waterfall, Heidi and Vasilyeva, Marina and Vevea, Jack and Hedges, Larry V},
	Date-Modified = {2016-02-01 05:52:29 +0000},
	Journal = {Cognitive Psychology},
	Month = dec,
	Number = {4},
	Pages = {343--365},
	Title = {{Sources of variability in children{\textquoteright}s language growth}},
	Volume = {61},
	Year = {2010}}
