%% Created using Papers on Mon, 01 Feb 2016.
%% http://papersapp.com/papers/

@article{Bransford:1972jc,
author = {Bransford, John D and Johnson, Marcia K},
title = {{Contextual prerequisites for understanding: Some investigations of comprehension and recall}},
journal = {Journal of verbal learning and verbal behavior},
year = {1972},
volume = {11},
number = {6},
pages = {717--726},
month = dec
}

@article{Schulz:2007fta,
author = {Schulz, Laura E and Bonawitz, Elizabeth Baraff},
title = {{Serious fun: Preschoolers engage in more exploratory play when evidence is confounded.}},
journal = {Developmental Psychology},
year = {2007},
volume = {43},
number = {4},
pages = {1045--1050}
}

@article{Bonawitz:2011bz,
author = {Bonawitz, Elizabeth and Shafto, Patrick and Gweon, Hyowon and Goodman, Noah D and Spelke, Elizabeth and Schulz, Laura},
title = {{The double-edged sword of pedagogy: Instruction limits spontaneous exploration and discovery}},
journal = {Cognition},
year = {2011},
volume = {120},
number = {3},
pages = {322--330},
month = sep
}

@article{Horn:1965dz,
author = {Horn, John L},
title = {{A rationale and test for the number of factors in factor analysis}},
journal = {Psychometrika},
year = {1965},
volume = {30},
number = {2},
pages = {179--185}
}

@article{Dweck:1995hy,
author = {Dweck, Carol S and Chiu, Chi-yue and Hong, Ying-yi},
title = {{Implicit Theories: Elaboration and Extension of the Model}},
journal = {Psychological Inquiry},
year = {1995},
volume = {6},
number = {4},
pages = {322--333},
month = jan
}

@article{Shafto:2012by,
author = {Shafto, P and Goodman, N D and Frank, M C},
title = {{Learning From Others: The Consequences of Psychological Reasoning for Human Learning}},
journal = {Perspectives on Psychological Science},
year = {2012},
volume = {7},
number = {4},
pages = {341--351},
month = jun
}

@article{Hoff:2003kx,
author = {Hoff, Erika},
title = {{The Specificity of Environmental Influence: Socioeconomic Status Affects Early Vocabulary Development Via Maternal Speech}},
journal = {Child Development},
year = {2003},
volume = {74},
number = {5},
pages = {1368--1378},
month = oct
}

@book{LeVine:2004wk,
author = {LeVine, Robert A},
title = {{Challenging Expert Knowledge: Findings from an African Study of Infant Care and Development.}},
publisher = {Praeger Publishers/Greenwood Publishing Group},
year = {2004}
}

@article{Clark:1995da,
author = {Clark, Lee Anna and Watson, David},
title = {{Constructing validity: Basic issues in objective scale development.}},
journal = {Psychological Assessment},
year = {1995},
volume = {7},
number = {3},
pages = {309--319},
month = sep
}

@article{ROWE:2008go,
author = {ROWE, MEREDITH L},
title = {{Child-directed speech: relation to socioeconomic status, knowledge of child development and child vocabulary skill}},
journal = {Journal of Child Language},
year = {2008},
volume = {35},
number = {01},
pages = {185--205},
month = feb
}

@article{Ong:2015fx,
author = {Ong, Desmond C and Zaki, Jamil and Goodman, Noah D},
title = {{Affective cognition: Exploring lay theories of emotion}},
journal = {Cognition},
year = {2015},
volume = {143},
pages = {141--162},
month = oct
}

@article{Buchsbaum:2011gt,
author = {Buchsbaum, Daphna and Gopnik, Alison and Griffiths, Thomas L and Shafto, Patrick},
title = {{Children{\textquoteright}s imitation of causal action sequences is influenced by statistical and pedagogical evidence}},
journal = {Cognition},
year = {2011},
volume = {120},
number = {3},
pages = {331--340},
month = sep
}

@book{Furr:2011vj,
author = {Furr, Mike},
title = {{Scale Construction and Psychometrics for Social and Personality Psychology}},
publisher = {SAGE Publications Ltd},
year = {2011},
month = feb
}

@article{Kumar:2015bf,
author = {Kumar, Vishwajeet and Kumar, Aarti and Ghosh, Amit Kumar and Samphel, Rigzin and Yadav, Ranjanaa and Yeung, Diana and Darmstadt, Gary L},
title = {{Enculturating science: Community-centric design of behavior change interactions for accelerating health impact}},
journal = {Seminars in Perinatology},
year = {2015},
volume = {39},
number = {5},
pages = {393--415},
month = aug
}

@article{Jones:2014dm,
author = {Jones, Jason D and Cassidy, Jude and Shaver, Phillip R},
title = {{Parents{\textquoteright} Self-Reported Attachment Styles A Review of Links with Parenting Behaviors, Emotions, and Cognitions}},
journal = {Personality and Social Psychology Review},
year = {2014},
volume = {19},
number = {1},
pages = {1088868314541858--76},
month = jul
}

@article{Richman:1992kw,
author = {Richman, Amy L and Miller, Patrice M and LeVine, Robert A},
title = {{Cultural and educational variations in maternal responsiveness.}},
journal = {Developmental Psychology},
year = {1992},
volume = {28},
number = {4},
pages = {614--621},
month = jul
}

@article{Gopnik:2011wz,
author = {Gopnik, A},
title = {{Why preschool shouldn't be like school}},
journal = {Slate Magazine},
year = {2011}
}

@article{Simms:2008jhb,
author = {Simms, Leonard J},
title = {{Classical and Modern Methods of Psychological Scale Construction}},
journal = {Social and Personality Psychology Compass},
year = {2008},
volume = {2},
number = {1},
pages = {414--433},
month = jan
}

@book{Hart:1995vx,
author = {Hart, Betty and Risley, Todd R},
title = {{Meaningful Differences in the Everyday Experience of Young American Children}},
publisher = {Paul H Brookes Publishing Company},
year = {1995}
}

@article{Dweck:1988dq,
author = {Dweck, Carol S and Leggett, Ellen L},
title = {{A social-cognitive approach to motivation and personality.}},
journal = {Psychological Review},
year = {1988},
volume = {95},
number = {2},
pages = {256--273},
month = apr
}

@book{Lareau:2003tr,
author = {Lareau, Annette},
title = {{Unequal Childhoods}},
publisher = {Univ of California Press},
year = {2003},
series = {Class, Race, and Family Life},
month = sep
}

@article{Baumrind:1971jb,
author = {Baumrind, Diana},
title = {{Current patterns of parental authority.}},
journal = {Developmental Psychology},
year = {1971},
volume = {4},
number = {1p2},
pages = {1--103},
month = jan
}

@article{Barker:2014ct,
author = {Barker, Jane E and Semenov, Andrei D and Michaelson, Laura and Provan, Lindsay S and Snyder, Hannah R and Munakata, Yuko},
title = {{Less-structured time in children's daily lives predicts self-directed executive functioning}},
journal = {Frontiers in Psychology},
year = {2014},
volume = {5},
pages = {323}
}

@article{Huttenlocher:2010foa,
author = {Huttenlocher, Janellen and Waterfall, Heidi and Vasilyeva, Marina and Vevea, Jack and Hedges, Larry V},
title = {{Sources of variability in children{\textquoteright}s language growth}},
journal = {Cognitive Psychology},
year = {2010},
volume = {61},
number = {4},
pages = {343--365},
month = dec
}

